<record><leader>00000cas a22000007a 4500</leader><controlfield tag="001">38451480</controlfield><controlfield tag="008">980217d1912191umauwr ne      0    0eng d</controlfield><datafield ind1=" " ind2=" " tag="010"><subfield code="a">sn 97068862 </subfield></datafield><datafield ind1=" " ind2=" " tag="040"><subfield code="a">MGN</subfield><subfield code="b">eng</subfield><subfield code="c">MGN</subfield><subfield code="d">OCLCQ</subfield></datafield><datafield ind1=" " ind2=" " tag="042"><subfield code="a">msc</subfield></datafield><datafield ind1="0" ind2=" " tag="130"><subfield code="a">Kingston news (Kingston, Mass.)</subfield></datafield><datafield ind1="1" ind2="4" tag="245"><subfield code="a">The Kingston news.</subfield></datafield><datafield ind1=" " ind2=" " tag="260"><subfield code="a">Island Creek [Kingston] Mass. :</subfield><subfield code="b">Parks Printery</subfield></datafield><datafield ind1=" " ind2=" " tag="300"><subfield code="a">v.</subfield></datafield><datafield ind1=" " ind2=" " tag="310"><subfield code="a">Weekly</subfield></datafield><datafield ind1=" " ind2=" " tag="752"><subfield code="a">United States</subfield><subfield code="b">Massachusetts</subfield><subfield code="c">Plymouth</subfield><subfield code="d">Kingston.</subfield></datafield><datafield ind1=" " ind2=" " tag="752"><subfield code="a">United States</subfield><subfield code="b">Massachusetts</subfield><subfield code="c">Plymouth</subfield><subfield code="d">Island Creek.</subfield></datafield></record>